<record><leader>00000cas a22000007a 4500</leader><controlfield tag="001">12057404</controlfield><controlfield tag="008">850520d18961927wiuwr ne      0    0eng d</controlfield><datafield ind1=" " ind2=" " tag="010"><subfield code="a">sn 85040613 </subfield></datafield><datafield ind1=" " ind2=" " tag="040"><subfield code="a">NPV</subfield><subfield code="b">eng</subfield><subfield code="c">NPV</subfield><subfield code="d">OCLCQ</subfield></datafield><datafield ind1=" " ind2=" " tag="042"><subfield code="a">msc</subfield></datafield><datafield ind1=" " ind2=" " tag="045"><subfield code="a">w9x2</subfield></datafield><datafield ind1=" " ind2=" " tag="052"><subfield code="a">4123</subfield><subfield code="b">V5</subfield></datafield><datafield ind1="0" ind2="0" tag="245"><subfield code="a">Vilas County news.</subfield></datafield><datafield ind1=" " ind2=" " tag="260"><subfield code="a">Eagle River, Vilas County, Wis. :</subfield><subfield code="b">News Printing,</subfield><subfield code="c">1896-1927.</subfield></datafield><datafield ind1=" " ind2=" " tag="300"><subfield code="a">32 v. :</subfield><subfield code="b">ill.</subfield></datafield><datafield ind1=" " ind2=" " tag="310"><subfield code="a">Weekly</subfield></datafield><datafield ind1="0" ind2=" " tag="362"><subfield code="a">4th year, no. 18 (Aug. 10, 1896)-35th year, no. 4 (June 22, 1927).</subfield></datafield><datafield ind1=" " ind2=" " tag="500"><subfield code="a">Publisher varies.</subfield></datafield><datafield ind1=" " ind2=" " tag="500"><subfield code="a">Editors: C.F. Colman, Aug. 1896-Nov. 1897.--D.E. Riordan, Nov. 1897-May 1901.--O.E. Bowen, May 1901-Jan. 1905.--F.A. Murphy, Jan. 1905-Jan. 1906.--G.E. Fuller, Feb. 1906-&lt;May 1907&gt;.--E.A. Stewart, Nov. 1925-Oct. 1927.--C.F. Fredrichs, Oct.-June 1927.</subfield></datafield><datafield ind1=" " ind2=" " tag="530"><subfield code="a">Available on microfilm from The State Historical Society of Wisconsin.</subfield></datafield><datafield ind1=" " ind2=" " tag="752"><subfield code="a">United States</subfield><subfield code="b">Wisconsin</subfield><subfield code="c">Vilas</subfield><subfield code="d">Eagle River.</subfield></datafield><datafield ind1="0" ind2="0" tag="780"><subfield code="t">Eagle River Democrat</subfield><subfield code="w">(DLC)sn 85040612</subfield></datafield><datafield ind1="0" ind2="7" tag="785"><subfield code="t">Eagle River review</subfield><subfield code="w">(DLC)sn 85040614</subfield></datafield><datafield ind1="0" ind2="7" tag="785"><subfield code="t">Vilas County news-review (Eagle River, Wis. : 1927)</subfield><subfield code="w">(DLC)sn 85040615</subfield></datafield><datafield ind1="1" ind2=" " tag="029"><subfield code="a">AU@</subfield><subfield code="b">000025802866</subfield></datafield></record>